@article{DBLP:journals/pacmpl/CapriottiK18,
  author    = {Paolo Capriotti and
               Nicolai Kraus},
  title     = {{Univalent higher categories via complete Semi-Segal types}},
  journal   = {{PACMPL}},
  volume    = {2},
  number    = {{POPL}},
  pages     = {44:1--44:29},
  year      = {2018},
  doi       = {10.1145/3158132},
  timestamp = {Tue, 06 Nov 2018 12:51:05 +0100},
  biburl    = {https://dblp.org/rec/bib/journals/pacmpl/CapriottiK18},
  bibsource = {dblp computer science bibliography, https://dblp.org}
}

@Misc{UniMath,
    author = {Voevodsky, Vladimir and Ahrens, Benedikt and Grayson, Daniel and others},
    title = {{UniMath --- a computer-checked library of univalent mathematics}},
    nourl = {https://github.com/UniMath/UniMath},
    howpublished = {{Available} at \url{https://github.com/UniMath/UniMath}},
	year={2020},
	note = {Accessed on 13 December 2019, \texttt{git} hash \href{https://github.com/UniMath/UniMath/tree/2dadfb61f5ef0d9805cf0eb6b80ef2beb26472d5}{2dadfb61}}
 }

@Manual{Coq:manual,
  title =        {\href{http://coq.inria.fr}{The Coq Proof Assistant}},
  author =       {\mbox{The Coq development team}},
  note =         {Version 8.8},
  year =         {2018},
}

@Book{hottbook,
  author =    {The {Univalent Foundations Program}},
  title =     {{Homotopy Type Theory: Univalent Foundations of Mathematics}},
  publisher = {\url{https://homotopytypetheory.org/book}},
  address =   {Institute for Advanced Study},
  year =      2013}

@incollection {MR1686862,
    AUTHOR = {Hofmann, Martin and Streicher, Thomas},
     TITLE = {The groupoid interpretation of type theory},
 BOOKTITLE = {Twenty-five years of constructive type theory
              ({V}enice, 1995)},
    SERIES = {Oxford Logic Guides},
    VOLUME = {36},
     PAGES = {83--111},
 PUBLISHER = {Oxford Univ. Press},
   ADDRESS = {New York},
      YEAR = {1998},
   MRCLASS = {03B15 (68N15 68Q55)},
  MRNUMBER = {1686862},
}

@misc{leinster:basic-bicats,
  title = {{Basic Bicategories}},
  author = {Leinster, Tom},
  year = {1998},
  eprint = {math/9810017}
}

@InProceedings{10.1007/BFb0074299,
author={B{\'e}nabou, Jean},
title={Introduction to bicategories},
booktitle={Reports of the Midwest Category Seminar},
year={1967},
publisher={Springer Berlin Heidelberg},
address={Berlin, Heidelberg},
pages={1--77},
doi={10.1007/BFb0074299},
isbn={978-3-540-35545-8}
}

@article{simpset,
  author = {Chris Kapulkin and Peter LeFanu Lumsdaine},
  title  = {{The Simplicial Model of Univalent Foundations (after Voevodsky)}},
  journal = {{Journal of the European Mathematical Society}},
  year   = 2018,
  eprint = {1211.2851},
}

@article{rezk_completion,
  author = {Ahrens, Benedikt and Kapulkin, Krzysztof and Shulman, Michael},
  title = {{Univalent categories and the Rezk completion}},
  journal = {Mathematical Structures in Computer Science},
  year = {2015},
  pages = {1010-1039},
  volume = {25},
  doi = {10.1017/S0960129514000486},
  eprinttype = {arxiv},
  eprint = {1303.0584},
}

@article{blackwell1989two,
	title={Two-dimensional monad theory},
	author={Blackwell, Robert and Kelly, Gregory M and Power, John},
	journal={Journal of Pure and Applied Algebra},
	volume={59},
	number={1},
	pages={1--41},
	year={1989},
	doi={10.1016/0022-4049(89)90160-6},
	publisher={Elsevier}
}

@article{DBLP:journals/entcs/DybjerM18,
	author    = {Peter Dybjer and
	Hugo Moeneclaey},
	title     = {Finitary Higher Inductive Types in the Groupoid Model},
	journal   = {Electr. Notes Theor. Comput. Sci.},
	volume    = {336},
	pages     = {119--134},
	year      = {2018},
	doi       = {10.1016/j.entcs.2018.03.019},
}

@inproceedings{FinsterM17,
	author    = {Eric Finster and Samuel Mimram},
	title     = {A type-theoretical definition of weak {\(\omega\)}-categories},
	booktitle = {32nd Annual {ACM/IEEE} Symposium on Logic in Computer Science, {LICS}
	2017, Reykjavik, Iceland, June 20-23, 2017},
	pages     = {1--12},
	year      = {2017},
	doi       = {10.1109/LICS.2017.8005124},
	timestamp = {Thu, 07 Sep 2017 09:27:11 +0200},
	bibsource = {dblp computer science bibliography, https://dblp.org}
}

@article{AhrensL19,
	author    = {Benedikt Ahrens and
	Peter LeFanu Lumsdaine},
	title     = {Displayed Categories},
	journal   = {Logical Methods in Computer Science},
	volume    = {15},
	number    = {1},
	year      = {2019},
	doi 	  = {10.23638/LMCS-15(1:20)2019},
	nourl       = {https://lmcs.episciences.org/5252},
	timestamp = {Thu, 28 Mar 2019 16:59:37 +0100},
	biburl    = {https://dblp.org/rec/bib/journals/lmcs/AhrensL19},
	bibsource = {dblp computer science bibliography, https://dblp.org}
}

@inproceedings{frumin2018finite,
	title={Finite sets in homotopy type theory},
	author={Frumin, Dan and Geuvers, Herman and Gondelman, L{\'e}on and Weide, Niels van der},
	booktitle={Proceedings of the 7th ACM SIGPLAN International Conference on Certified Programs and Proofs},
	pages={201--214},
	year={2018},
	doi = {10.1145/3167085},
	organization={ACM}
}

@inproceedings{Sojakova15,
	author    = {Kristina Sojakova},
	title     = {{Higher Inductive Types as Homotopy-Initial Algebras}},
	booktitle = {Proceedings of the 42nd Annual {ACM} {SIGPLAN-SIGACT} Symposium on
	Principles of Programming Languages, {POPL} 2015, Mumbai, India, January
	15-17, 2015},
	pages     = {31--42},
	year      = {2015},
	doi       = {10.1145/2676726.2676983},
}

@inproceedings{Doorn16,
	author    = {Floris van Doorn},
	title     = {{Constructing the Propositional Truncation using Non-Recursive HITs}},
	booktitle = {Proceedings of the 5th {ACM} {SIGPLAN} Conference on Certified Programs
	and Proofs, Saint Petersburg, FL, USA, January 20-22, 2016},
	pages     = {122--129},
	year      = {2016},
	doi       = {10.1145/2854065.2854076},
}

@article{KaposiKA19,
	author    = {Ambrus Kaposi and
	Andr{\'{a}}s Kov{\'{a}}cs and
	Thorsten Altenkirch},
	title     = {{Constructing Quotient Inductive-Inductive Types}},
	journal   = {{PACMPL}},
	volume    = {3},
	number    = {{POPL}},
	pages     = {2:1--2:24},
	doi       = {10.1145/3290315},
	year      = {2019},
}

@inproceedings{KaposiK18,
	author    = {Ambrus Kaposi and
	Andr{\'{a}}s Kov{\'{a}}cs},
	title     = {{A Syntax for Higher Inductive-Inductive Types}},
	booktitle = {3rd International Conference on Formal Structures for Computation
	and Deduction, {FSCD} 2018, July 9-12, 2018, Oxford, {UK}},
	pages     = {20:1--20:18},
	year      = {2018},
	doi       = {10.4230/LIPIcs.FSCD.2018.20},
}

@inproceedings{AltenkirchK16,
	author    = {Thorsten Altenkirch and Ambrus Kaposi},
	title     = {{Type Theory in Type Theory using Quotient Inductive Types}},
	booktitle = {Proceedings of the 43rd Annual {ACM} {SIGPLAN-SIGACT} Symposium on
	Principles of Programming Languages, {POPL} 2016, St. Petersburg,
	FL, USA, January 20 - 22, 2016},
	pages     = {18--29},
	year      = {2016},
	doi       = {10.1145/2837614.2837638},
}

@inproceedings{CoquandHM18,
	author    = {Thierry Coquand and
	Simon Huber and
	Anders M{\"{o}}rtberg},
	title     = {{On Higher Inductive Types in Cubical Type Theory}},
	booktitle = {Proceedings of the 33rd Annual {ACM/IEEE} Symposium on Logic in Computer
	Science, {LICS} 2018, Oxford, UK, July 09-12, 2018},
	pages     = {255--264},
	year      = {2018},
	doi       = {10.1145/3209108.3209197},
}

@inproceedings{Kraus16,
	author    = {Nicolai Kraus},
	title     = {{Constructions with Non-Recursive Higher Inductive Types}},
	booktitle = {Proceedings of the 31st Annual {ACM/IEEE} Symposium on Logic in Computer
	Science, {LICS} '16, New York, NY, USA, July 5-8, 2016},
	pages     = {595--604},
	year      = {2016},
	doi       = {10.1145/2933575.2933586},
}

@inproceedings{AltenkirchCDKF18,
	author    = {Thorsten Altenkirch and
	Paolo Capriotti and
	Gabe Dijkstra and
	Nicolai Kraus and
	Fredrik Nordvall Forsberg},
	title     = {{Quotient Inductive-Inductive Types}},
	booktitle = {Foundations of Software Science and Computation Structures - 21st
	International Conference, {FOSSACS} 2018, Held as Part of the European
	Joint Conferences on Theory and Practice of Software, {ETAPS} 2018,
	Thessaloniki, Greece, April 14-20, 2018, Proceedings},
	doi       = {10.1007/978-3-319-89366-2\_16},
	pages     = {293--310},
	year      = {2018}
}

@article{lumsdaine2017semantics,
	title={{Semantics of higher inductive types}},
	DOI={10.1017/S030500411900015X},
	journal={Mathematical Proceedings of the Cambridge Philosophical Society},
	publisher={Cambridge University Press},
	author={Lumsdaine, Peter LeFanu and Shulman, Michael},
	year={2017},
	pages={1â€“50}
}

@inproceedings{KrausRaumer,
	author    = {Nicolai Kraus and
	Jakob von Raumer},
	title     = {Path Spaces of Higher Inductive Types in Homotopy Type Theory},
	booktitle = {34th Annual {ACM/IEEE} Symposium on Logic in Computer Science, {LICS}
	2019, Vancouver, BC, Canada, June 24-27, 2019},
	pages     = {1--13},
	year      = {2019},
	url       = {https://doi.org/10.1109/LICS.2019.8785661},
	doi       = {10.1109/LICS.2019.8785661}
}

@inproceedings{AltenkirchDK17,
	author    = {Thorsten Altenkirch and
	Nils Anders Danielsson and
	Nicolai Kraus},
	title     = {{Partiality, Revisited - The Partiality Monad as a Quotient Inductive-Inductive
	Type}},
	booktitle = {Foundations of Software Science and Computation Structures - 20th
	International Conference, {FOSSACS} 2017, Held as Part of the European
	Joint Conferences on Theory and Practice of Software, {ETAPS} 2017,
	Uppsala, Sweden, April 22-29, 2017, Proceedings},
	pages     = {534--549},
	doi       = {10.1007/978-3-662-54458-7\_31},
	year      = {2017}
}

@article{AngiuliMLH16,
	author    = {Carlo Angiuli and
	Edward Morehouse and
	Daniel R. Licata and
	Robert Harper},
	title     = {{Homotopical Patch Theory}},
	journal   = {J. Funct. Program.},
	volume    = {26},
	pages     = {e18},
	year      = {2016},
	doi       = {10.1017/S0956796816000198},
}

@inproceedings{AwodeyGS12,
	author    = {Steven Awodey and
	Nicola Gambino and
	Kristina Sojakova},
	title     = {{Inductive Types in Homotopy Type Theory}},
	booktitle = {Proceedings of the 27th Annual {IEEE} Symposium on Logic in Computer
	Science, {LICS} 2012, Dubrovnik, Croatia, June 25-28, 2012},
	pages     = {95--104},
	year      = {2012},
	doi       = {10.1109/LICS.2012.21},
}

@inproceedings{BezemCH13,
	author    = {Marc Bezem and
	Thierry Coquand and
	Simon Huber},
	title     = {{A Model of Type Theory in Cubical Sets}},
	booktitle = {19th International Conference on Types for Proofs and Programs, {TYPES}
	2013, April 22-26, 2013, Toulouse, France},
	pages     = {107--128},
	year      = {2013},
	doi       = {10.4230/LIPIcs.TYPES.2013.107},
}

@inproceedings{HofmannS94,
	author    = {Martin Hofmann and
	Thomas Streicher},
	title     = {{The Groupoid Model Refutes Uniqueness of Identity Proofs}},
	booktitle = {Proceedings of the Ninth Annual Symposium on Logic in Computer Science
	{(LICS} '94), Paris, France, July 4-7, 1994},
	pages     = {208--212},
	year      = {1994},
	doi       = {10.1109/LICS.1994.316071},
}

@inproceedings{LicataS13,
	author    = {Daniel R. Licata and
	Michael Shulman},
	title     = {{Calculating the Fundamental Group of the Circle in Homotopy Type Theory}},
	booktitle = {28th Annual {ACM/IEEE} Symposium on Logic in Computer Science, {LICS}
	2013, New Orleans, LA, USA, June 25-28, 2013},
	pages     = {223--232},
	year      = {2013},
	doi       = {10.1109/LICS.2013.28},
}

@inproceedings{LicataF14,
	author    = {Daniel R. Licata and
	Eric Finster},
	title     = {{Eilenberg-MacLane Spaces in Homotopy Type Theory}},
	booktitle = {Joint Meeting of the Twenty-Third {EACSL} Annual Conference on Computer
	Science Logic {(CSL)} and the Twenty-Ninth Annual {ACM/IEEE} Symposium
	on Logic in Computer Science (LICS), {CSL-LICS} '14, Vienna, Austria,
	July 14 - 18, 2014},
	pages     = {66:1--66:9},
	year      = {2014},
	doi       = {10.1145/2603088.2603153},
}

@article{CavalloH19,
	author    = {Evan Cavallo and
	Robert Harper},
	title     = {{Higher Inductive Types in Cubical Computational Type Theory}},
	journal   = {{PACMPL}},
	volume    = {3},
	number    = {{POPL}},
	pages     = {1:1--1:27},
	doi       = {10.1145/3290314},
	year      = {2019},
}

@inproceedings{AngiuliHW17,
	author    = {Carlo Angiuli and
	Robert Harper and
	Todd Wilson},
	title     = {{Computational Higher-Dimensional Type Theory}},
	booktitle = {Proceedings of the 44th {ACM} {SIGPLAN} Symposium on Principles of
	Programming Languages, {POPL} 2017, Paris, France, January 18-20,
	2017},
	pages     = {680--693},
	year      = {2017},
	url       = {http://dl.acm.org/citation.cfm?id=3009861},
}


@article{CohenCHM16,
  author    = {Cyril Cohen and
               Thierry Coquand and
               Simon Huber and
               Anders M{\"{o}}rtberg},
  title     = {Cubical Type Theory: {A} Constructive Interpretation of the Univalence
               Axiom},
  journal   = {{FLAP}},
  volume    = {4},
  number    = {10},
  pages     = {3127--3170},
  year      = {2017}
}

@article{rijke2017join,
	title={{The Join Construction}},
	author={Rijke, Egbert},
	journal={arXiv preprint arXiv:1701.07538},
	year={2017}
}

@article{dybjer1994inductive,
	title={{Inductive Families}},
	author={Dybjer, Peter},
	journal={Formal aspects of computing},
	volume={6},
	number={4},
	pages={440--465},
	doi       = {10.1007/BF01211308},
	year={1994},
	publisher={Springer}
}

@article{moeneclaey2016schema,
	title={{A Schema for Higher Inductive Types of Level One and Its Interpretation}},
	author={Moeneclaey, Hugo},
	journal={Internship report, supervised by Peter Dybjer, ENS Paris-Saclay},
	year={2016}
}

@article{hermida1998structural,
	title={{Structural Induction and Coinduction in a Fibrational Setting}},
	author={Hermida, Claudio and Jacobs, Bart},
	journal={Information and computation},
	volume={145},
	number={2},
	pages={107--152},
	year={1998},
	doi       = {10.1006/inco.1998.2725},
	publisher={Elsevier}
}

@inproceedings{DBLP:conf/tlca/HirschowitzHT15,
	author    = {Andr{\'{e}} Hirschowitz and
	Tom Hirschowitz and
	Nicolas Tabareau},
	title     = {{Wild $\omega$-Categories for the Homotopy Hypothesis in Type Theory}},
	booktitle = {13th International Conference on Typed Lambda Calculi and Applications,
	{TLCA} 2015, July 1-3, 2015, Warsaw, Poland},
	pages     = {226--240},
	doi       = {10.4230/LIPIcs.TLCA.2015.226},
	year      = {2015}
}

@article{lumsdaine2009weak,
	author    = {Peter LeFanu Lumsdaine},
	title={{Weak $\omega$-categories from Intensional Type Theory}},
  	journal   = {Logical Methods in Computer Science},
  	volume    = {6},
  	number    = {3},
  	year      = {2010},
  	doi       = {10.2168/LMCS-6(3:24)2010}
}

@article{van2011types,
	title={{Types are Weak $\omega$-Groupoids}},
	author={van den Berg, Benno and Garner, Richard},
	journal={Proceedings of the London Mathematical Society},
	volume={102},
	number={2},
	pages={370--394},
	year={2011},
	publisher={Wiley Online Library}
}

@inproceedings{DBLP:conf/csl/AltenkirchR12,
	author    = {Thorsten Altenkirch and
	Ondrej Rypacek},
	title     = {{A Syntactical Approach to Weak $\omega$-Groupoids}},
	booktitle = {Computer Science Logic (CSL'12) - 26th International Workshop/21st
	Annual Conference of the EACSL, {CSL} 2012, September 3-6, 2012, Fontainebleau,
	France},
	pages     = {16--30},
	doi       = {10.4230/LIPIcs.CSL.2012.16},
	year      = {2012}
}

@article{DBLP:journals/mscs/ChapmanUV19,
	author    = {James Chapman and
	Tarmo Uustalu and
	Niccol{\`{o}} Veltri},
	title     = {{Quotienting the Delay Monad by Weak Bisimilarity}},
	journal   = {Mathematical Structures in Computer Science},
	volume    = {29},
	number    = {1},
	pages     = {67--92},
	doi       = {10.1017/S0960129517000184},
	year      = {2019}
}

@article{DBLP:journals/lmcs/AltenkirchK17,
	author    = {Thorsten Altenkirch and
	Ambrus Kaposi},
	title     = {{Normalisation by Evaluation for Type Theory, in Type Theory}},
	journal   = {Logical Methods in Computer Science},
	volume    = {13},
	number    = {4},
	doi       = {10.23638/LMCS-13(4:1)2017},
	year      = {2017}
}

@inproceedings{abbott2003categories,
	title={{Categories of Containers}},
	author={Abbott, Michael and Altenkirch, Thorsten and Ghani, Neil},
	booktitle={International Conference on Foundations of Software Science and Computation Structures},
	pages={23--38},
	year={2003},
	doi       = {10.1007/3-540-36576-1\_2},
	organization={Springer}
}

@incollection{martin1975intuitionistic,
	title={{An Intuitionistic Theory of Types: Predicative Part}},
	author={Martin-L{\"o}f, Per},
	booktitle={Studies in Logic and the Foundations of Mathematics},
	volume={80},
	pages={73--118},
	year={1975},
	publisher={Elsevier}
}

@inproceedings{licata2015cubical,
	title={{A Cubical Approach to Synthetic Homotopy Theory}},
	author={Licata, Daniel R. and Brunerie, Guillaume},
	booktitle={2015 30th Annual ACM/IEEE Symposium on Logic in Computer Science},
	pages={92--103},
	year={2015},
	doi       = {10.1109/LICS.2015.19},
	organization={IEEE}
}

@misc{sojakovaPhD,
	title={{Higher Inductive Types as Homotopy-Initial Algebras}},
	author={Sojakova, Kristina},
	year={2016},
	url={http://reports-archive.adm.cs.cmu.edu/anon/2016/CMU-CS-16-125.pdf}
}

@article{gurski2012biequivalences,
	title={Biequivalences in tricategories},
	author={Gurski, Nick},
	journal={Theory and Applications of Categories},
	volume={26},
	number={14},
	pages={349--384},
	year={2012}
}

@article{LACK2000179,
	title = {{A Coherent Approach to Pseudomonads}},
	journal = {Advances in Mathematics},
	volume = {152},
	number = {2},
	pages = {179--202},
	year = {2000},
	issn = {0001-8708},
	author={Stephen Lack}
}

@Misc{altenkirchscoccola,
	author = {Altenkirch, Thorsten and Scoccola, Luis},
	title = {{The Integers as a Higher Inductive Types}},
	year={2019},
	url={http://luisscoccola.github.io/Luis%20Scoccola_files/int-as-hit.pdf}
}

@article{van2019construction,
	title={{The Construction of Set-Truncated Higher Inductive Types}},
	author={van der Weide, Niels and Geuvers, Herman},
	journal={Electronic Notes in Theoretical Computer Science},
	volume={347},
	pages={261--280},
	year={2019},
	doi       = {10.1016/j.entcs.2019.09.014},
	publisher={Elsevier}
}

@inproceedings{Dybjer1999AFA,
	title={{A Finite Axiomatization of Inductive-Recursive Definitions}},
	author={Peter Dybjer and Anton Setzer},
	booktitle={TLCA},
	doi       = {10.1007/3-540-48959-2\_11},
	year={1999}
}

@inproceedings{forsberg2010inductive,
	title={{Inductive-Inductive Definitions}},
	author={Forsberg, Fredrik Nordvall and Setzer, Anton},
	booktitle={International Workshop on Computer Science Logic},
	pages={454--468},
	year={2010},
	doi       = {10.1007/978-3-642-15205-4\_35},
	organization={Springer}
}

@article{forsberg2012finite,
	title={{A Finite Axiomatisation of Inductive-Inductive Definitions}},
	author={Forsberg, Fredrik Nordvall and Setzer, Anton},
	journal={Logic, Construction, Computation},
	volume={3},
	pages={259--287},
	year={2012}
}

@article{BasoldGW17,
	author    = {Henning Basold and
	Herman Geuvers and
	Niels van der Weide},
	title     = {{Higher Inductive Types in Programming}},
	journal   = {J. {UCS}},
	volume    = {23},
	number    = {1},
	pages     = {63--88},
	year      = {2017},
}

@inproceedings{licata2013pi,
	title={{$\pi_n(S^n)$ in Homotopy Type Theory}},
	author={Licata, Daniel R. and Brunerie, Guillaume},
	booktitle={International Conference on Certified Programs and Proofs},
	pages={1--16},
	year={2013},
	doi       = {10.1007/978-3-319-03545-1\_1},
	organization={Springer}
}

@inproceedings{awodey2018impredicative,
	title={Impredicative Encodings of (Higher) Inductive Types},
	author={Awodey, Steve and Frey, Jonas and Speight, Sam},
	booktitle={Proceedings of the 33rd Annual ACM/IEEE Symposium on Logic in Computer Science},
	pages={76--85},
	year={2018},
	doi       = {10.1145/3209108.3209130},
	organization={ACM}
}

@inproceedings{DBLP:conf/lics/BuchholtzR17,
	author    = {Ulrik Buchholtz and
	Egbert Rijke},
	title     = {The real projective spaces in homotopy type theory},
	booktitle = {32nd Annual {ACM/IEEE} Symposium on Logic in Computer Science, {LICS}
	2017, Reykjavik, Iceland, June 20-23, 2017},
	pages     = {1--8},
	doi       = {10.1109/LICS.2017.8005146},
	year      = {2017}
}

@inproceedings{DBLP:conf/rta/CoquandHS19,
	author    = {Thierry Coquand and
	Simon Huber and
	Christian Sattler},
	title     = {Homotopy Canonicity for Cubical Type Theory},
	booktitle = {4th International Conference on Formal Structures for Computation
	and Deduction, {FSCD} 2019, June 24-30, 2019, Dortmund, Germany},
	pages     = {11:1--11:23},
	doi       = {10.4230/LIPIcs.FSCD.2019.11},
	year      = {2019}
}

@inproceedings{power1991characterization,
	title={A characterization of pie limits},
	author={Power, John and Robinson, Edmund},
	booktitle={Mathematical Proceedings of the Cambridge Philosophical Society},
	volume={110},
	pages={33--47},
	year={1991},
	organization={Cambridge University Press}
}

@article{bicatjournal,
	title={Bicategories in Univalent Foundations},
	author={Benedikt Ahrens and Dan Frumin and Marco Maggesi and Niccol\'o Veltri and Niels van der Weide},
	journal={arXiv preprint arXiv:1903.01152v3v2},
	year={2020},
	url={https://arxiv.org/abs/1903.01152v2}
}

@article{vezzosi2019cubical,
	title={Cubical {A}gda: a dependently typed programming language with univalence and higher inductive types},
	author={Vezzosi, Andrea and M{\"o}rtberg, Anders and Abel, Andreas},
	journal={Proceedings of the ACM on Programming Languages},
	volume={3},
	number={ICFP},
	pages={1--29},
	year={2019},
	doi       = {10.1145/3341691},
	publisher={ACM New York, NY, USA}
}

@article{awodey2009homotopy,
  title={Homotopy theoretic models of identity types},
  author={Awodey, Steve and Warren, Michael A},
  journal={Mathematical Proceedings of the Cambridge Philosophical Society},
  volume={146},
  number={1},
  pages={45--55},
  year={2009},
  publisher={Cambridge University Press}
}

@article{lynge2019,
	title={{Universal Algebra in HoTT}},
	author={Lynge, Andreas and Spitters, Bas},
	year = {2019},
	journal={25th International Conference on Types for Proofs and Programs}
}

@article{baez2004groups,
	title={Higher-dimensional algebra V: 2-groups},
	author={John C. Baez and Aaron D. Lauda},
	journal={Theory and Applications of Categories},
	volume={12},
	number={14},
	pages={423--491},
	year={2020}
}

@article{piceghello2019,
	title={Coherence for symmetric monoidal groupoids in HoTT/UF},
	author={Stefano Piceghello},
	journal={25th International Conference on Types for Proofs and Programs},
	year = {2019}
}

@article{north2019towards,
  title={Towards a directed homotopy type theory},
  author={North, Paige Randall},
  journal={Electronic Notes in Theoretical Computer Science},
  volume={347},
  pages={223--239},
  year={2019},
  publisher={Elsevier}
}